<?xml version="1.0" encoding="UTF-8"?><collection xmlns="http://www.loc.gov/MARC21/slim"><record><leader>00509nam--2200181-i-4500</leader><controlfield tag="001">000008239</controlfield><controlfield tag="002">20161230</controlfield><controlfield tag="005">20161230201027</controlfield><controlfield tag="008">060222s1000------------r-----000-0-eng-d</controlfield><datafield ind1=" " ind2=" " tag="040"><subfield code="a">IFIN-HH</subfield></datafield><datafield ind1=" " ind2=" " tag="080"><subfield code="a">518.12:538.3</subfield></datafield><datafield ind1="1" ind2=" " tag="100"><subfield code="a">Binns, K.J</subfield></datafield><datafield ind1="1" ind2="0" tag="245"><subfield code="a">Analysis and computation of electric and magnetic field problems</subfield><subfield code="c">K.j binns; p.j. lawrenson</subfield></datafield><datafield ind1=" " ind2=" " tag="260"><subfield code="a">London</subfield><subfield code="b">Pergamon Press</subfield><subfield code="c">1963</subfield></datafield><datafield ind1=" " ind2=" " tag="300"><subfield code="a">XIV + 333P</subfield></datafield><datafield ind1="1" ind2=" " tag="700"><subfield code="a">Lawrenson, P.J</subfield></datafield><datafield ind1=" " ind2=" " tag="852"><subfield code="a">15246</subfield><subfield code="c">537:538</subfield></datafield><datafield ind1=" " ind2=" " tag="CAT"><subfield code="a">Sys</subfield><subfield code="c">20110609</subfield><subfield code="h">141111</subfield></datafield></record></collection>